% This is a sample BibTeX bibliography file, showing articles, theses,
% proceedings, books and collections being cited
%
% Bibtex is fairly lax about capitalization, so AUTHOR, author, Author, are all
% equivalent ways to specify the author(s) of a work. Similarly, things can be
% in quotation marks or enclosed in "{...}" or sometimes just printed with no
% enclosing punctuation at all.
%
% Bibtex entries copied from the Web (even from the ACM Digital Library site) are
% often wrong, or badly formatted. PROOFREAD YOUR BIBTEX FILE!
%
% To force a word to be capitalized when BibTeX doesn't want to do it, put
% braces around the first letter, like this:
%          {T}hird {I}nternational {C}onference on {C}omputer {G}aming
%
% For URLs, use the \url{...} command inside a NOTE item, e.g.,
%
%           NOTE={\url{http://cs.allegheny.edu}. Accessed 1 April 2013.},
%
% (There is a url entry type; it does not display anything.)

@inproceedings{appel1968some,
  title={Some techniques for shading machine renderings of solids},
  author={Appel, Arthur},
  booktitle={Proceedings of the April 30--May 2, 1968, Spring Joint Computer Conference},
  pages={37--45},
  year={1968},
  organization={ACM}
}

@article{whitted1980improved,
  title={An Improved Illumination Model for Shaded Display},
  author={Whitted, Turner},
  journal={Communications of the ACM},
  year={1980},
  volume={23},
  issue={6}
}

@inproceedings{rubin1980,
  title={A 3-dimensional representation for fast rendering of complex scenes},
  author={Rubin, Steven M and Whitted, Turner},
  booktitle={ACM SIGGRAPH Computer Graphics},
  volume={14},
  number={3},
  pages={110--116},
  year={1980},
  organization={ACM}
}

@article{parker2010optix,
  title={OptiX: a general purpose ray tracing engine},
  author={Parker, Steven G and Bigler, James and Dietrich, Andreas and Friedrich, Heiko and Hoberock, Jared and Luebke, David and McAllister, David and McGuire, Morgan and Morley, Keith and Robison, Austin and others},
  journal={ACM Transactions on Graphics (TOG)},
  volume={29},
  number={4},
  pages={66},
  year={2010},
  publisher={ACM}
}

@article{finley2006hsp,
  title={HSP Color Model -- Alternative to HSV (HSB) and HSL},
  author={Darel Rex Finley},
  howpublished={\url{http://alienryderflex.com/hsp.html}},
  year={2006}
}

@article{fermi2009nvidia,
  title={NVIDIA's next generation cuda compute architecture: Fermi},
  author={NVIDIA},
  journal={NVIDIA, Santa Clara, Calif, USA},
  year={2009}
}

@article{povray,
  title={POV-Ray},
  author={Cason, CJ and Froehlich, T and Kopp, N and Parker, R and others},
  journal={Persistence of Vision Raytracer Pty. Ltd, Victoria, Australia},
  year={2003}
}

@online{prunier2017triangle,
  title={Ray-Tracing: Rendering a Triangle},
  author={Jean-Colas Prunier},
  journal={Scratchapixel 2.0},
  year={2017},
  volume={1},
  howpublished={\url{https://www.scratchapixel.com/lessons/3d-basic-rendering/ray-tracing-rendering-a-triangle/}}
}

@online{prunier2017bvh,
  title={Introduction to Acceleration Structures},
  author={Jean-Colas Prunier},
  journal={Scratchapixel 2.0},
  year={2017},
  volume={2},
  howpublished={\url{https://www.scratchapixel.com/lessons/advanced-rendering/introduction-acceleration-structure}}
}

@online{prunier2017shading,
  title={Introduction to Shading},
  author={Jean-Colas Prunier},
  journal={Scratchapixel 2.0},
  year={2017},
  volume={1},
  howpublished={\url{https://www.scratchapixel.com/lessons/3d-basic-rendering/introduction-to-shading}}
}

@online{prunier2017global,
  title={Global Illumination and Path Tracing},
  author={Jean-Colas Prunier},
  journal={Scratchapixel 2.0},
  year={2017},
  volume={1},
  howpublished={\url{https://www.scratchapixel.com/lessons/3d-basic-rendering/global-illumination-path-tracing}}
}

@online{learnopengltheory,
  title={PBR Theory},
  author={Joey de Vries},
  journal={Learn OpenGL},
  year={2016},
  howpublished={\url{https://learnopengl.com/PBR/Theory}}
}

@inproceedings{cleary1983design,
  title={Design and analysis of a parallel ray tracing computer},
  author={Cleary, John G and Wyvill, Brian M and Birtwistle, G and Vatti, R},
  booktitle={Graphics Interface},
  volume={83},
  pages={33--38},
  year={1983}
}

@article{shirley1997map,
  author = {Shirley, Peter and Chiu, Kenneth},
  title = {A Low Distortion Map Between Disk and Square},
  journal = {Journal of Graphics Tools},
  volume = {2},
  number = {3},
  pages = {45-52},
  year  = {1997},
  publisher = {Taylor & Francis},
  doi = {10.1080/10867651.1997.10487479}
}

@online{nvidia2019optixdoc,
author={NVIDIA},
title={NVIDIA OptiX 6.0 Documentation},
year={2019},
howpublished={\url{http://raytracing-docs.nvidia.com/optix_6_0/index.html}}
}

@online{povray2006render,
 author={Gilles Tran},
 title={POV-Ray Render using Radiosity},
 year={2006},
 howpublished={\url{https://commons.wikimedia.org/wiki/File:Glasses_800_edit.png}},
 note={This image was created with POV-Ray 3.6 using Radiosity. The glasses, ashtray and pitcher were modeled with Rhino and the dice with Cinema 4D.}
}

@online{cornell2003render,
 author={Kari Kivisalo},
 title={Cornell Box},
 year={2003},
 howpublished={\url{https://commons.wikimedia.org/wiki/File:Cornell_box.png}},
 note={This image was rendered in POV-Ray.}
}

@inproceedings{kajiya1986rendering,
  title={The rendering equation},
  author={Kajiya, James T},
  booktitle={ACM Siggraph Computer Graphics},
  volume={20},
  number={4},
  pages={143--150},
  year={1986},
  organization={ACM}
}

@inproceedings{karras2013fast,
  title={Fast parallel construction of high-quality bounding volume hierarchies},
  author={Karras, Tero and Aila, Timo},
  booktitle={Proceedings of the 5th High-Performance Graphics Conference},
  pages={89--99},
  year={2013},
  organization={ACM}
}

@article{nvidia2011cuda,
  title={CUDA C Programming Guide},
  author={NVIDIA},
  journal={NVIDIA Corporation},
  year={2011}
}

@inproceedings {nvidia2015mdl,
booktitle = {Workshop on Material Appearance Modeling},
editor = {Reinhard Klein and Holly Rushmeier},
title = {{The Material Definition Language}},
author = {Kettner, L. and Raab, M. and Seibert, D. and Jordan, J. and Keller, A.},
year = {2015},
publisher = {The Eurographics Association},
ISSN = {2309-5059},
ISBN = {978-3-905674-83-5},
DOI = {10.2312/mam.20151195}
}

@book{pharr2016physically,
  title={Physically Based Rendering: From Theory to Implementation},
  author={Pharr, Matt and Jakob, Wenzel and Humphreys, Greg},
  year={2016},
  publisher={Morgan Kaufmann}
}

@article{shirley2016ray,
  title={Ray Tracing in One Weekend},
  author={Shirley, Peter},
  year={2016},
  howpublished={\url{http://in1weekend.blogspot.com/}}
}

@misc{tivGithub,
  author={Haustein, Stefan and Tschumperl\'e, David and others},
  title={TerminalImageViewer},
  year={2016},
  publisher={GitHub},
  journal={GitHub repository},
  howpublished={\url{https://github.com/stefanhaustein/TerminalImageViewer}},
  commit={643b56aee1c3836715f6ab2931fa10972d41bfcc}
}

@misc{termloop,
  author={Joel Auterson and others},
  title={Termloop},
  year={2015},
  publisher={GitHub},
  journal={GitHub repository},
  howpublished={\url{https://github.com/JoelOtter/termloop}},
  commit={99de0b20653ecfbe9dc2e70a4974cf033cd4659f}
}

@misc{libtickitLibrary,
  author={Paul Evans},
  title={Tickit},
  year={2017},
  journal={C/C++ Library},
  howpublished={\url{http://www.leonerd.org.uk/code/libtickit/}}
}

@book{unicode,
  title={The Unicode Standard},
  author={The Unicode Consortium},
  year={2018},
  howpublished={\url{http://www.unicode.org/versions/latest/}}

}

@misc{blender,
  title={Blender},
  author={Blender Foundation},
  year={2002},
  howpublished={\url{https://www.blender.org/}},
  notes={Rendering and modeling engine for open source 3D creation. Free to use for any purpose, forever.}
}

@misc{googletest,
  title={Google Test},
  author={Google's Testing Technology team},
  year={2015},
  publisher={GitHub},
  journal={GitHub repository},
  howpublished={\url{https://github.com/google/googletest}},
  commit={b9347b31c338851879d0105f0fe32d09007f0433}
}

@misc{travisci,
  title={Travis CI},
  author={Travis Foundation},
  year={2011},
  publisher={GitHub},
  journal={GitHub repository},
  howpublished={\url{https://github.com/travis-ci/travis-ci}},
}

@article{van2008doxygen,
  title={Doxygen: Source code documentation generator tool},
  author={Van Heesch, Dimitri},
  howpublished={\url{http://www.doxygen.org}},
  year={2008}
}

@online{googleStyleGuide,
  title={Google C++ Style Guide},
  author={Google},
  howpublished={\url{https://google.github.io/styleguide/cppguide.html}},
  year={2008}
}

@online{gradle,
  title={Gradle},
  author={Gradle Inc},
  howpublished={\url{https://gradle.org/}},
  year={2019}
}

@online{octane,
  title={OctaneRender},
  author={OTOY Inc},
  howpublished={\url{https://home.otoy.com/render/octane-render/}},
  year={2016}
}

@Book{cpp14standard,
  author={ISO},
  title={ISO\slash IEC 14882:2014 Information technology --- Programming languages --- C++},
  publisher={International Organization for Standardization},
  edition={Fourth},
  year={2014},
  bibsource={http://www.math.utah.edu/pub/tex/bib/isostd.bib; http://www.math.utah.edu/pub/tex/bib/mathcw.bib},
  URL={http://www.iso.org/iso/home/store/catalogue_ics/catalogue_detail_ics.htm?csnumber=64029},
  remark={Revises ISO/IEC 14882:2011.},
}

@article{kuang2007evaluating,
  title={Evaluating HDR rendering algorithms},
  author={Kuang, Jiangtao and Yamaguchi, Hiroshi and Liu, Changmeng and Johnson, Garrett M and Fairchild, Mark D},
  journal={ACM Transactions on Applied Perception (TAP)},
  volume={4},
  number={2},
  pages={9},
  year={2007},
  publisher={ACM}
}

@inproceedings{schlick1994inexpensive,
  title={An inexpensive BRDF model for physically-based rendering},
  author={Schlick, Christophe},
  booktitle={Computer graphics forum},
  volume={13},
  number={3},
  pages={233--246},
  year={1994},
  organization={Wiley Online Library}
}

@misc{whitted2018explains,
  title={A Ray-Tracing Pioneer Explains How He Stumbled into Global Illumination},
  year={2018},
  howpublished={\url{https://blogs.nvidia.com/blog/2018/08/01/ray-tracing-global-illumination-turner-whitted/}},
  note={Accessed: 2018-12-11}
}

@article{lafortune1993bi,
  title={Bi-directional path tracing},
  author={Lafortune, Eric P and Willems, Yves D},
  year={1993}
}

@article{wald2007ray,
  title={Ray tracing deformable scenes using dynamic bounding volume hierarchies},
  author={Wald, Ingo and Boulos, Solomon and Shirley, Peter},
  journal={ACM Transactions on Graphics (TOG)},
  volume={26},
  number={1},
  pages={6},
  year={2007},
  publisher={ACM}
}

@inproceedings{parker2005interactive,
  title={Interactive ray tracing for volume visualization},
  author={Parker, Steven and Parker, Michael and Livnat, Yarden and Sloan, Peter-Pike and Hansen, Charles and Shirley, Peter},
  booktitle={ACM SIGGRAPH 2005 Courses},
  pages={15},
  year={2005},
  organization={ACM}
}

@inproceedings{wald2001interactive,
  title={Interactive rendering with coherent ray tracing},
  author={Wald, Ingo and Slusallek, Philipp and Benthin, Carsten and Wagner, Markus},
  booktitle={Computer graphics forum},
  volume={20},
  number={3},
  pages={153--165},
  year={2001},
  organization={Wiley Online Library}
}

@inproceedings{kruger2003acceleration,
  title={Acceleration techniques for GPU-based volume rendering},
  author={Kruger, Jens and Westermann, R{\"u}diger},
  booktitle={Proceedings of the 14th IEEE Visualization 2003 (VIS'03)},
  pages={38},
  year={2003},
  organization={IEEE Computer Society}
}

@misc{raytermCpuImpl,
  author={Mahlau-Heinert, Saejin},
  title={RayTerm-CPU},
  year={2019},
  publisher={GitHub},
  journal={GitHub repository},
  howpublished={\url{https://github.com/Michionlion/rayterm-cpu}},
  commit={761e238278c95425ed6934a48fa09fc3e54825ab}
}

@misc{raytermGpuImpl,
  author={Mahlau-Heinert, Saejin},
  title={RayTerm},
  year={2019},
  publisher={GitHub},
  journal={GitHub repository},
  howpublished={\url{https://github.com/Michionlion/rayterm}},
  commit={12175b7ab0feb0c0b161f1f41a56d9ed8eea7784}
}

@misc{eigenweb,
  author={Guennebaud, Ga\"{e}l and Jacob, Beno\^{i}t and others},
  title={Eigen v3},
  howpublished={\url{http://eigen.tuxfamily.org}},
  year={2010}
}

@misc{optixsamples,
  author={Lacewell, Dylan and Roettger, Detlef and others},
  title={Advanced OptiX Samples},
  howpublished={\url{https://github.com/nvpro-samples/optix_advanced_samples}},
  year={2017}
}

@misc{tinyobjloader,
  author={Fujita, Syoyo},
  title={tinyobjloader v1.0.6},
  howpublished={\url{https://github.com/syoyo/tinyobjloader}},
  year={2017}
}

@misc{drand48UNIX,
  author={The Open Group},
  title={The Single UNIX Specification -- \texttt{drand48(void)}},
  year={1997},
  howpublished={\url{https://pubs.opengroup.org/onlinepubs/7908799/xsh/drand48.html}}
}

@online{git,
  title={Git Version Control System},
  howpublished={\url{https://git-scm.com/}},
  year={2019}
}

@online{github,
  author={GitHub Inc},
  title={GitHub},
  howpublished={\url{https://github.com/}},
  year={2019}
}
